<?xml version="1.0" encoding="UTF-8"?><collection xmlns="http://www.loc.gov/MARC21/slim"><record><leader>00461nam--2200181-i-4500</leader><controlfield tag="001">000000187</controlfield><controlfield tag="002">20161230</controlfield><controlfield tag="005">20161230201023</controlfield><controlfield tag="008">060222s1000------------r-----000-0-eng-d</controlfield><datafield ind1=" " ind2=" " tag="040"><subfield code="a">IFIN-HH</subfield></datafield><datafield ind1=" " ind2=" " tag="080"><subfield code="a">532</subfield></datafield><datafield ind1="1" ind2=" " tag="100"><subfield code="a">Frisch, H.L</subfield></datafield><datafield ind1="1" ind2="0" tag="245"><subfield code="a">Simple dense fluids</subfield><subfield code="c">H.L. FRISCH, Z.W. SALSBURG (Eds.)</subfield></datafield><datafield ind1=" " ind2=" " tag="260"><subfield code="a">New York, Academic Press, 1968</subfield></datafield><datafield ind1=" " ind2=" " tag="300"><subfield code="a">XV + 430 P</subfield></datafield><datafield ind1=" " ind2=" " tag="700"><subfield code="a">Salsburg, Z.W</subfield></datafield><datafield ind1=" " ind2=" " tag="852"><subfield code="a">29086</subfield><subfield code="c">532</subfield></datafield><datafield ind1=" " ind2=" " tag="CAT"><subfield code="a">Sys</subfield><subfield code="c">20100714</subfield><subfield code="h">102822</subfield></datafield></record></collection>